/home/fgueniat/Documents/productions/biblio/Bigbib.bib